<record><leader>00000cas a22000007a 4500</leader><controlfield tag="001">11600812</controlfield><controlfield tag="008">850121d18451852njuwr ne      0    0eng d</controlfield><datafield ind1=" " ind2=" " tag="010"><subfield code="a">sn 85025192 </subfield></datafield><datafield ind1=" " ind2=" " tag="040"><subfield code="a">NPX</subfield><subfield code="b">eng</subfield><subfield code="c">NPX</subfield><subfield code="d">NPA</subfield><subfield code="d">NJW</subfield><subfield code="d">OCLCQ</subfield></datafield><datafield ind1=" " ind2=" " tag="042"><subfield code="a">msc</subfield></datafield><datafield ind1="0" ind2="0" tag="245"><subfield code="a">Democratic banner, and Monmouth County advertiser.</subfield></datafield><datafield ind1="3" ind2="0" tag="246"><subfield code="a">Democratic banner</subfield></datafield><datafield ind1="3" ind2="0" tag="246"><subfield code="a">Monmouth County advertiser</subfield></datafield><datafield ind1=" " ind2=" " tag="260"><subfield code="a">Middletown Point [i.e. Matawan], N.J. :</subfield><subfield code="b">George W. Bell &amp; Chas. W. Fountain,</subfield><subfield code="c">-1852.</subfield></datafield><datafield ind1=" " ind2=" " tag="300"><subfield code="a">v. :</subfield><subfield code="b">ill. (chiefly advertisements) ;</subfield><subfield code="c">72 cm.</subfield></datafield><datafield ind1=" " ind2=" " tag="310"><subfield code="a">Weekly</subfield></datafield><datafield ind1="1" ind2=" " tag="362"><subfield code="a">Began in 1845.</subfield></datafield><datafield ind1="0" ind2=" " tag="362"><subfield code="a">-Mar. 25, 1852.</subfield></datafield><datafield ind1=" " ind2=" " tag="500"><subfield code="a">Publishers: George C. Waite, 1845-1851; George W. Bell &amp; Charles W. Fountain, 1851-1852.</subfield></datafield><datafield ind1=" " ind2=" " tag="500"><subfield code="a">Editor: George W. Bell, &lt;1852&gt;.</subfield></datafield><datafield ind1=" " ind2=" " tag="500"><subfield code="a">"Democratic."</subfield></datafield><datafield ind1=" " ind2=" " tag="588"><subfield code="a">Description based on: Feb. 19, 1852.</subfield></datafield><datafield ind1=" " ind2=" " tag="752"><subfield code="a">United States</subfield><subfield code="b">New Jersey</subfield><subfield code="c">Monmouth</subfield><subfield code="d">Matawan.</subfield></datafield><datafield ind1=" " ind2=" " tag="752"><subfield code="a">United States</subfield><subfield code="b">New Jersey</subfield><subfield code="c">Monmouth</subfield><subfield code="d">Middletown Point.</subfield></datafield><datafield ind1="0" ind2="0" tag="785"><subfield code="t">N.J. standard</subfield><subfield code="w">(DLC)sn 84026232</subfield><subfield code="w">(OCoLC)10356817</subfield></datafield></record>